% This file was created with JabRef 2.10.
% Encoding: UTF8


@Manual{themusculardystrophyassociation2016,
  Title                    = {Amyotrophic lateral sclerosis - Stages of ALS},
  Author                   = {The Muscular Dystrophy Association},
  Organization             = {The Muscular Dystrophy Association},
  Year                     = {2016},

  Owner                    = {signehk},
  Timestamp                = {2016.02.29},
  Url                      = {https://www.mda.org/disease/amyotrophic-lateral-sclerosis/signs-and-symptoms/stages-of-als}
}

@Article{bogue2015,
  Title                    = {Robotic exoskeletons: a review of recent progress},
  Author                   = {R. Bogue},
  Journal                  = {Emerald Group Publishing Limited},
  Year                     = {2015},
  Volume                   = {42},

  Doi                      = {http://dx.doi.org/10.1108/IR-08-2014-0379},
  Owner                    = {signehk},
  Timestamp                = {2016.02.29}
}

@Book{brandt2010,
  Title                    = {Grundbog om hjælpemidler: til personer med funktionsnedsættelse},
  Author                   = {Å. Brandt and L. Jensen},
  Publisher                = {Gyldendal Akademisk},
  Year                     = {2010},
  Volume                   = {1},

  Doi                      = {9788762808034},
  Owner                    = {signehk},
  Timestamp                = {2016.02.29}
}

@Article{erlen2003,
  Title                    = {Technology: possibilities and pitfalls},
  Author                   = {J. A. Erlen},
  Journal                  = {Orthopedic nursing},
  Year                     = {2003},

  Owner                    = {signehk},
  Timestamp                = {2016.02.29}
}

@Book{grehl2011,
  Title                    = {Depression and QOL in patients with ALS: How do self-ratings and ratings by relatives differ?},
  Author                   = {T. Grehl and M. Ruppand and P. Buddle, et. al.},
  Publisher                = {Springer Netherlands},
  Year                     = {2011},

  Doi                      = {1573-2649},
  Owner                    = {signehk},
  Timestamp                = {2016.02.29}
}

@Article{hefferman2006,
  Title                    = {Management of respiration in MND/ALS patients: An evidence based review},
  Author                   = {C. Heffernan and C. Jenkinson and T. Holmes, et. al.},
  Journal                  = {Amyotrophic Lateral Sclerosis},
  Year                     = {2006},
  Volume                   = {7},

  Doi                      = {10.1080/14660820510043235},
  Owner                    = {signehk},
  Timestamp                = {2016.02.29}
}

@Article{ilse2015,
  Title                    = {Relationships Between Disease Severity, Social Support
and Health-Related Quality of Life in Patients
with Amyotrophic Lateral Sclerosis},
  Author                   = {B. Ilse and
T. Prell and
M. Walther, 
et. al.},
  Journal                  = {Social Indicators Research},
  Year                     = {2015},

  Doi                      = {10.1007/s11205-014-0621-y},
  Owner                    = {signehk},
  Timestamp                = {2016.02.29}
}

@Book{martini2012,
  Title                    = {Fundamentals of Anatomi and Physiology},
  Author                   = {F. H. Martini and J. L. Nath and E. F. Bartholomew},
  Publisher                = {Pearson},
  Year                     = {2012},

  Doi                      = {978-0-321-70933-2},
  Owner                    = {signehk},
  Timestamp                = {2016.02.29}
}

@Manual{regmidt2015,
  Title                    = {Rygmarvsskadet lammet mand lærer at gå},
  Author                   = {Region Midtjylland},
  Year                     = {2015},

  Owner                    = {signehk},
  Timestamp                = {2016.02.29},
  Url                      = {http://www.rm.dk/om-os/aktuelt/nyheder/nyhedsarkiv-2015/december/rygmarvsskadet-lammet-mand-larer-at-ga1/}
}

@Book{miller2005,
  Title                    = {American Academy of Neurology: Amyotrophic Lateral Sclerosis},
  Author                   = {R. G. Miller and D. F. Gelinas and P. O’Connor. et. al.},
  Publisher                = {Demos Medical Publishing},
  Year                     = {2005},

  Doi                      = {9781934559062},
  Owner                    = {signehk},
  Timestamp                = {2016.02.29}
}

@Article{morris2015,
  Title                    = {Amyotrophic Lateral Sclerosis (ALS) and Related
Motor Neuron Diseases: An Overview},
  Author                   = {J. Morris},
  Journal                  = {The Neurodiagnostic Journal},
  Year                     = {2015},

  Doi                      = {10.1080/21646821.2015.1075181},
  Owner                    = {signehk},
  Timestamp                = {2016.02.29}
}

@Manual{hvadermuskelsvind2016,
  Title                    = {Hvad er muskelsvind?},
  Author                   = {Muskelsvindsfonden},
  Organization             = {Muskelsvindsfonden},
  Year                     = {2016},

  Comment                  = {18-02-2016},
  Owner                    = {signehk},
  Timestamp                = {2016.02.29},
  Url                      = {http://muskelsvindfonden.dk/om-muskelsvind/hvad-er-muskelsvind/}
}

@Manual{sygdomsbeskrivelser2016,
  Title                    = {Sygdomsbeskrivelser},
  Author                   = {Muskelsvindsfonden},
  Organization             = {Muskelsvindsfonden},
  Year                     = {2016},

  Comment                  = {18-02-2016},
  Doi                      = {http://muskelsvindfonden.dk/om-muskelsvind/sygdomsbeskrivelser/},
  Owner                    = {signehk},
  Timestamp                = {2016.02.29}
}

@Article{neudert2004,
  Title                    = {Individual Quality of Life is not Correlated with
Health-Related Quality of Life or Physical Function in
Patients with Amyotrophic Lateral Sclerosis},
  Author                   = {C. Neudert and
M. Wasner and 
G. D. Borasio},
  Journal                  = {Journal of palliative medicine},
  Year                     = {2004},
  Volume                   = {7},

  Doi                      = {10.1089/1096621041838443},
  Owner                    = {signehk},
  Timestamp                = {2016.02.29}
}

@Manual{nationalinstitute2016,
  Title                    = {Amyotrophic lateral sclerosis (ALS) Fact sheet},
  Author                   = {National Institute of Neurological Disorders and Stroke},
  Organization             = {National Institute of Neurological Disorders and Stroke},
  Year                     = {2016},

  Comment                  = {25-02-2016},
  Owner                    = {signehk},
  Timestamp                = {2016.02.29},
  Url                      = {nih.gov/disorders/amyotrophiclateralsclerosis/detail_ALS.htm}
}

@Manual{rcfm2001,
  Title                    = {ALS og vejrtrækning: Hjælpemidler og behandlingsmuligheder},
  Author                   = {O. Gredal, et. al.},
  Organization             = {RehabiliteringsCenter for Muskelsvind},
  Year                     = {2001},

  Owner                    = {signehk},
  Timestamp                = {2016.02.29},
  Url                      = {http://rcfm.dk/wp-content/uploads/2015/02/ALS-og-respiration.pdf}
}

@Article{pagnini2013,
  Title                    = {Psychological wellbeing and quality of life inamyotrophic lateral sclerosis: A review},
  Author                   = {F. Pagnini},
  Journal                  = {International Journal of Psychology},
  Year                     = {2013},
  Volume                   = {48},

  Doi                      = {http://dx.doi.org/10.1080/00207594.2012.691977},
  Owner                    = {signehk},
  Timestamp                = {2016.02.29}
}

@Manual{russell2015,
  Title                    = {Amytrofisk lateral sklerose},
  Author                   = {M. B. Russell and J. S. Andersen and N. Witting, et. al.},
  Organization             = {Lægehåndbogen},

  Comment                  = {18-02-2016},
  Doi                      = {978-82-92002-25-4},
  Owner                    = {signehk},
  Timestamp                = {2016.02.29}
}

@Article{schoenfeld2010,
  Title                    = {Squatting Kinematics and Kinetics and Their Application to Exercise Performance},
  Author                   = {B. J. Schoenfeld},
  Journal                  = {Journal of Strength and Conditioning Research},
  Year                     = {2010},

  Doi                      = {10.1519/JSC.0b013e3181bac2d7},
  Owner                    = {signehk},
  Timestamp                = {2016.02.29}
}

@Manual{tidy2015,
  Title                    = {Motor Neurone Disease},
  Author                   = {C. Tidy},
  Organization             = {Patient},
  Year                     = {2015},

  Owner                    = {signehk},
  Timestamp                = {2016.02.29},
  Url                      = {http://patient.info/health/motor-neurone-disease-leaflet}
}

@Article{tramonti2012,
  Title                    = {Balancing between autonomy and
support: Coping strategies by patients with amyotrophic lateral sclerosis},
  Author                   = {F. Tramonti. and P. Bongioanni. and C. Fanciullacci, et. al.},
  Journal                  = {Journal of the Neurological
Sciences},
  Year                     = {2012},
  Volume                   = {320},

  Doi                      = {10.1016/j.jns.2012.07.006},
  Owner                    = {signehk},
  Timestamp                = {2016.02.29}
}

@Article{yang2008,
  Title                    = {A review of exoskeleton-type systems and their key technologies},
  Author                   = {C. J. Yang and J. F. Zhang and Y. Chen, et. al.},
  Journal                  = {Journal of Mechanical Engineering Science},
  Year                     = {2008},
  Volume                   = {222},

  Doi                      = {10.1243/09544062JMES936},
  Owner                    = {signehk},
  Timestamp                = {2016.02.29}
}

